 @misc{ Node.js,
    author = "Node.js",
    title = "Node.js documentation",
    year = "2017",
    howpublished = "\url{https://nodejs.org/en/}",
    note = "[Online; dostęp 2017.11.15]"
  }
  
   @misc{ API,
    author = "Node.js",
    title = "Node.js documentation",
    year = "2017",
    howpublished = "\url{https://nodejs.org/en/}",
    note = "[Online; dostęp 2017.11.15]"
  }
  
   @misc{ JSON,
    author = "Node.js",
    title = "Node.js documentation",
    year = "2017",
    howpublished = "\url{https://nodejs.org/en/}",
    note = "[Online; dostęp 2017.11.15]"
  }
  
     @misc{ JS,
    author = "Node.js",
    title = "Node.js documentation",
    year = "2017",
    howpublished = "\url{https://nodejs.org/en/}",
    note = "[Online; dostęp 2017.11.15]"
  }

   @misc{ ES6,
    author = "Node.js",
    title = "Node.js documentation",
    year = "2017",
    howpublished = "\url{https://nodejs.org/en/}",
    note = "[Online; dostęp 2017.11.15]"
  }
  @misc{ TS,
    author = "Node.js",
    title = "Node.js documentation",
    year = "2017",
    howpublished = "\url{https://nodejs.org/en/}",
    note = "[Online; dostęp 2017.11.15]"
  }
  
 @misc{ HTML,
    author = "Node.js",
    title = "Node.js documentation",
    year = "2017",
    howpublished = "\url{https://nodejs.org/en/}",
    note = "[Online; dostęp 2017.11.15]"
  }
  
 @misc{ CSS,
    author = "Node.js",
    title = "Node.js documentation",
    year = "2017",
    howpublished = "\url{https://nodejs.org/en/}",
    note = "[Online; dostęp 2017.11.15]"
  }
  
 @misc{ HTML_SEO,
    author = "Node.js",
    title = "Node.js documentation",
    year = "2017",
    howpublished = "\url{https://nodejs.org/en/}",
    note = "[Online; dostęp 2017.11.15]"
  }  
  
 @misc{ JS_CPU,
    author = "Node.js",
    title = "Node.js documentation",
    year = "2017",
    howpublished = "\url{https://nodejs.org/en/}",
    note = "[Online; dostęp 2017.11.15]"
  }
  
  @misc{ MongoDB,
    author = "Node.js",
    title = "Node.js documentation",
    year = "2017",
    howpublished = "\url{https://nodejs.org/en/}",
    note = "[Online; dostęp 2017.11.15]"
  }
  
  @misc{ NO_SQL,
    author = "Node.js",
    title = "Node.js documentation",
    year = "2017",
    howpublished = "\url{https://nodejs.org/en/}",
    note = "[Online; dostęp 2017.11.15]"
  }
  
  @misc{ Sass,
    author = "Node.js",
    title = "Node.js documentation",
    year = "2017",
    howpublished = "\url{https://nodejs.org/en/}",
    note = "[Online; dostęp 2017.11.15]"
  }
  
  @misc{ React,
    author = "Node.js",
    title = "Node.js documentation",
    year = "2017",
    howpublished = "\url{https://nodejs.org/en/}",
    note = "[Online; dostęp 2017.11.15]"
  }
  
  @misc{ Redux,
    author = "Node.js",
    title = "Node.js documentation",
    year = "2017",
    howpublished = "\url{https://nodejs.org/en/}",
    note = "[Online; dostęp 2017.11.15]"
  }
  
  @misc{ Axios,
    author = "Node.js",
    title = "Node.js documentation",
    year = "2017",
    howpublished = "\url{https://nodejs.org/en/}",
    note = "[Online; dostęp 2017.11.15]"
  }
  
  @misc{ SocketIO,
    author = "Node.js",
    title = "Node.js documentation",
    year = "2017",
    howpublished = "\url{https://nodejs.org/en/}",
    note = "[Online; dostęp 2017.11.15]"
  }
  
  @misc{ Keyword_Websocket,
    author = "Node.js",
    title = "Node.js documentation",
    year = "2017",
    howpublished = "\url{https://nodejs.org/en/}",
    note = "[Online; dostęp 2017.11.15]"
  }
  
  @misc{ SortableJS,
    author = "Node.js",
    title = "Node.js documentation",
    year = "2017",
    howpublished = "\url{https://nodejs.org/en/}",
    note = "[Online; dostęp 2017.11.15]"
  }
  
  @misc{ Keyword_UserExperience,
    author = "Node.js",
    title = "Node.js documentation",
    year = "2017",
    howpublished = "\url{https://nodejs.org/en/}",
    note = "[Online; dostęp 2017.11.15]"
  }
  
  @misc{ MomentJS,
    author = "Node.js",
    title = "Node.js documentation",
    year = "2017",
    howpublished = "\url{https://nodejs.org/en/}",
    note = "[Online; dostęp 2017.11.15]"
  }
  
  @misc{ Express,
    author = "Node.js",
    title = "Node.js documentation",
    year = "2017",
    howpublished = "\url{https://nodejs.org/en/}",
    note = "[Online; dostęp 2017.11.15]"
  }
  
  @misc{ NodeJS,
    author = "Node.js",
    title = "Node.js documentation",
    year = "2017",
    howpublished = "\url{https://nodejs.org/en/}",
    note = "[Online; dostęp 2017.11.15]"
  }

  @misc{ NPM,
    author = "Node.js",
    title = "Node.js documentation",
    year = "2017",
    howpublished = "\url{https://nodejs.org/en/}",
    note = "[Online; dostęp 2017.11.15]"
  }
  
  @misc{ Yarn,
    author = "Node.js",
    title = "Node.js documentation",
    year = "2017",
    howpublished = "\url{https://nodejs.org/en/}",
    note = "[Online; dostęp 2017.11.15]"
  }
  
  @misc{ SassLint,
    author = "Node.js",
    title = "Node.js documentation",
    year = "2017",
    howpublished = "\url{https://nodejs.org/en/}",
    note = "[Online; dostęp 2017.11.15]"
  }
  
  @misc{ TSLint,
    author = "Node.js",
    title = "Node.js documentation",
    year = "2017",
    howpublished = "\url{https://nodejs.org/en/}",
    note = "[Online; dostęp 2017.11.15]"
  }
  
  @misc{ Webpack,
    author = "Node.js",
    title = "Node.js documentation",
    year = "2017",
    howpublished = "\url{https://nodejs.org/en/}",
    note = "[Online; dostęp 2017.11.15]"
  }
  
  @misc{ Keyword_Transpile,
    author = "Node.js",
    title = "Node.js documentation",
    year = "2017",
    howpublished = "\url{https://nodejs.org/en/}",
    note = "[Online; dostęp 2017.11.15]"
  }
  
  @misc{ Nodemon,
    author = "Node.js",
    title = "Node.js documentation",
    year = "2017",
    howpublished = "\url{https://nodejs.org/en/}",
    note = "[Online; dostęp 2017.11.15]"
  }
  
  @misc{ GIT,
    author = "Node.js",
    title = "Node.js documentation",
    year = "2017",
    howpublished = "\url{https://nodejs.org/en/}",
    note = "[Online; dostęp 2017.11.15]"
  }
  
  @misc{ TravisCI,
    author = "Node.js",
    title = "Node.js documentation",
    year = "2017",
    howpublished = "\url{https://nodejs.org/en/}",
    note = "[Online; dostęp 2017.11.15]"
  }
  
  @misc{ Keyword_CI,
    author = "Node.js",
    title = "Node.js documentation",
    year = "2017",
    howpublished = "\url{https://nodejs.org/en/}",
    note = "[Online; dostęp 2017.11.15]"
  }
  
  @misc{ Keyword_Webhook,
    author = "Node.js",
    title = "Node.js documentation",
    year = "2017",
    howpublished = "\url{https://nodejs.org/en/}",
    note = "[Online; dostęp 2017.11.15]"
  }
  
  @misc{ Heroku,
    author = "Node.js",
    title = "Node.js documentation",
    year = "2017",
    howpublished = "\url{https://nodejs.org/en/}",
    note = "[Online; dostęp 2017.11.15]"
  }
  
  @misc{ keyword_JWTToken,
    author = "Node.js",
    title = "Node.js documentation",
    year = "2017",
    howpublished = "\url{https://nodejs.org/en/}",
    note = "[Online; dostęp 2017.11.15]"
  }
  
  @misc{ Keyword_LocalStorage,
    author = "Node.js",
    title = "Node.js documentation",
    year = "2017",
    howpublished = "\url{https://nodejs.org/en/}",
    note = "[Online; dostęp 2017.11.15]"
  }
  
   @misc{ Material,
    author = "Node.js",
    title = "Node.js documentation",
    year = "2017",
    howpublished = "\url{https://nodejs.org/en/}",
    note = "[Online; dostęp 2017.11.15]"
  }
  
   @misc{ MDN_HTML,
    author = "Node.js",
    title = "Node.js documentation",
    year = "2017",
    howpublished = "\url{https://nodejs.org/en/}",
    note = "[Online; dostęp 2017.11.15]"
  }
  
   @misc{ MDN_CSS,
    author = "Node.js",
    title = "Node.js documentation",
    year = "2017",
    howpublished = "\url{https://nodejs.org/en/}",
    note = "[Online; dostęp 2017.11.15]"
  }
  
   @misc{ Keyword_UserInterface,
    author = "Node.js",
    title = "Node.js documentation",
    year = "2017",
    howpublished = "\url{https://nodejs.org/en/}",
    note = "[Online; dostęp 2017.11.15]"
  }
  
  @misc{ MD5,
    author = "Node.js",
    title = "Node.js documentation",
    year = "2017",
    howpublished = "\url{https://nodejs.org/en/}",
    note = "[Online; dostęp 2017.11.15]"
  }